@book{laser,
  author    = {北京大学物理学院},
  title     = {激光实验},
  edition   = 1,
  address   = {北京},
  year      = {2004年}
}
