@book{jindaishiyan,
  author    = {吴思诚 and 荀坤},
  title     = {近代物理实验},
  edition   = 4,
  publisher = {高等教育出版社},
  address   = {北京},
  year      = {2015}
}
