@FOOTNOTE{Note1,key="Note1",note="这里是一个尾注的例子"}
